@misc{Img:autoencoder,
  author = {COMP THREE INC},
  title = {Variational Autoencoders are Beautiful},
  year = {2019},
  note = {\url{https://www.compthree.com/blog/autoencoder/}},
}

@online{batchnorm,
	ALTeditor = {Towards Data Science},
	author = {Huber, Johann},
	title = {Batch normalization in 3 levels of understanding},
  date = {2020-11},
	url = {https://towardsdatascience.com/batch-normalization-in-3-levels-of-understanding-14c2da90a338#3164},
  urldate = {2023-09}
}