@article{Art,
  author = {Joachim Giesen and Tobias GÃ¼nther},
	title = {{GRay: Ray Casting for Visualization and Interactive Data Exploration of Gaussian Mixture Models}},
	journal = {IEEE Transactions on Visualization and Computer Graphics},
	year = {2022},
	doi = {https://doi.org/10.1109/TVCG.2022.3209374},
}